<record><leader>00000cas a2200000 i 4500</leader><controlfield tag="001">823502815</controlfield><controlfield tag="006">m     o  d        </controlfield><controlfield tag="007">cr mn|||||||||</controlfield><controlfield tag="008">100325c19869999flumr neo     0    0eng  </controlfield><datafield ind1=" " ind2=" " tag="010"><subfield code="a">  2017238017</subfield></datafield><datafield ind1=" " ind2=" " tag="040"><subfield code="a">AU@</subfield><subfield code="b">eng</subfield><subfield code="e">rda</subfield><subfield code="c">AU@</subfield><subfield code="d">CUS</subfield><subfield code="d">OCLCF</subfield><subfield code="d">OCLCQ</subfield><subfield code="d">IUL</subfield><subfield code="d">OCL</subfield><subfield code="d">VT2</subfield><subfield code="d">OCLCQ</subfield></datafield><datafield ind1=" " ind2=" " tag="019"><subfield code="a">921203620</subfield><subfield code="a">967623107</subfield></datafield><datafield ind1=" " ind2=" " tag="042"><subfield code="a">pcc</subfield></datafield><datafield ind1=" " ind2=" " tag="043"><subfield code="a">n-us-fl</subfield></datafield><datafield ind1=" " ind2="4" tag="050"><subfield code="a">NK1133.28</subfield></datafield><datafield ind1="0" ind2="4" tag="245"><subfield code="a">The antique shoppe.</subfield></datafield><datafield ind1="1" ind2=" " tag="246"><subfield code="a">Antique shoppe newspaper</subfield></datafield><datafield ind1=" " ind2="1" tag="264"><subfield code="a">Keystone Heights, FL. :</subfield><subfield code="b">Antique Shoppe.</subfield></datafield><datafield ind1="3" ind2="1" tag="264"><subfield code="a">Tallahassee, Fla. :</subfield><subfield code="b">Specialty General Service Publications</subfield></datafield><datafield ind1=" " ind2=" " tag="300"><subfield code="a">1 online resource</subfield></datafield><datafield ind1=" " ind2=" " tag="310"><subfield code="a">Monthly</subfield></datafield><datafield ind1=" " ind2=" " tag="336"><subfield code="a">text</subfield><subfield code="b">txt</subfield><subfield code="2">rdacontent</subfield></datafield><datafield ind1=" " ind2=" " tag="337"><subfield code="a">computer</subfield><subfield code="b">c</subfield><subfield code="2">rdamedia</subfield></datafield><datafield ind1=" " ind2=" " tag="338"><subfield code="a">online resource</subfield><subfield code="b">cr</subfield><subfield code="2">rdacarrier</subfield></datafield><datafield ind1="1" ind2=" " tag="362"><subfield code="a">Print began with v. 1, no. 1 (Sept. 1986).</subfield></datafield><datafield ind1=" " ind2=" " tag="588"><subfield code="a">Description based on: Vol. 21, no. 1 (Sep. 2007); title from EBSCOhost PDF masthead (viewed Jan. 10, 2017).</subfield></datafield><datafield ind1=" " ind2=" " tag="588"><subfield code="a">Latest issue consulted: Vol. 30, issue 4 (Dec. 2016) (viewed Jan. 10, 2017).</subfield></datafield><datafield ind1=" " ind2="0" tag="650"><subfield code="a">Antiques business</subfield><subfield code="z">Florida</subfield><subfield code="v">Periodicals.</subfield></datafield><datafield ind1=" " ind2="0" tag="650"><subfield code="a">Antiques</subfield><subfield code="z">Florida</subfield><subfield code="v">Periodicals.</subfield></datafield><datafield ind1=" " ind2="0" tag="650"><subfield code="a">Antiques</subfield><subfield code="x">Collection and preservation</subfield><subfield code="z">Florida</subfield><subfield code="v">Periodicals.</subfield></datafield><datafield ind1=" " ind2="7" tag="650"><subfield code="a">Antiques</subfield><subfield code="x">Collection and preservation.</subfield><subfield code="2">fast</subfield><subfield code="0">(OCoLC)fst00810721</subfield></datafield><datafield ind1=" " ind2="7" tag="650"><subfield code="a">Antiques.</subfield><subfield code="2">fast</subfield><subfield code="0">(OCoLC)fst00810720</subfield></datafield><datafield ind1=" " ind2="7" tag="650"><subfield code="a">Antiques business.</subfield><subfield code="2">fast</subfield><subfield code="0">(OCoLC)fst00810739</subfield></datafield><datafield ind1=" " ind2="7" tag="651"><subfield code="a">Florida.</subfield><subfield code="2">fast</subfield><subfield code="0">(OCoLC)fst01205150</subfield></datafield><datafield ind1=" " ind2="0" tag="655"><subfield code="a">Electronic journals.</subfield></datafield><datafield ind1=" " ind2="4" tag="655"><subfield code="a">Electronic journals.</subfield></datafield><datafield ind1=" " ind2="7" tag="655"><subfield code="a">Periodicals.</subfield><subfield code="2">fast</subfield><subfield code="0">(OCoLC)fst01411641</subfield></datafield><datafield ind1=" " ind2=" " tag="752"><subfield code="a">United States</subfield><subfield code="b">Florida</subfield><subfield code="c">Clay</subfield><subfield code="d">Keystone Heights.</subfield></datafield><datafield ind1=" " ind2=" " tag="752"><subfield code="a">United States</subfield><subfield code="b">Florida</subfield><subfield code="c">Leon</subfield><subfield code="d">Tallahassee.</subfield></datafield><datafield ind1="0" ind2="8" tag="776"><subfield code="i">Print version:</subfield><subfield code="t">Antique shoppe</subfield><subfield code="w">(OCoLC)857314755</subfield></datafield><datafield ind1="4" ind2="0" tag="856"><subfield code="u">http://search.ebscohost.com/direct.asp?db=asu&amp;jid=%221GXT%22&amp;scope=site</subfield></datafield><datafield ind1="0" ind2=" " tag="029"><subfield code="a">AU@</subfield><subfield code="b">000050328415</subfield></datafield><datafield ind1="1" ind2=" " tag="029"><subfield code="a">NZ1</subfield><subfield code="b">13541616</subfield></datafield></record>